2906 5056
493 1250 854 1327 PRAEFATIO.

203 1809 446 1926 Orientalium,
473 1867 553 1926 quae
576 1845 739 1926 dicuntur,
765 1844 946 1930 linguarum
967 1848 1102 1911 scientia
1124 1869 1219 1928 quum

136 1967 213 2047 magis
250 1969 293 2028 in
325 1965 393 2026 (lies
426 1972 458 2026 et
487 1971 658 2046 augeretur
691 1987 729 2027 ac
754 1963 989 2048 divulgaretur,
1020 1974 1053 2029 et
1081 1967 1245 2054 undique*

135 2101 199 2144 nova
218 2086 384 2161 acciperet
404 2085 616 2163 incrementa,
638 2103 701 2146 non
719 2083 775 2146 abs
793 2105 828 2146 re
847 2055 915 2147 esse
934 2087 1037 2147 visum
1055 2092 1120 2164 est,
1138 2083 1219 2148 hanc

132 2199 229 2276 publici
250 2203 336 2265 iuris
357 2200 463 2264 facere
486 2200 888 2282 chrestomatbiam,qu1un
909 2223 989 2282 quae
1008 2204 1075 2264 eius
1092 2183 1219 2284 generis

131 2327 286 2382 exstarent
311 2304 435 2399 libelli,
466 2316 599 2397 amplius
625 2339 689 2380 non
716 2317 910 2382 sufficerent.
953 2318 1113 2384 Wilkenii
1135 2316 1218 2383 enim
1288 2323 1294 2332 '

35 2487 36 2502 t
132 2431 195 2500 liber
220 2441 291 2500 iam
315 2457 406 2531 anno.
427 2443 507 2501 1812
535 2436 654 2516 editus,
680 2438 755 2516 quin
780 2437 1074 2514 exspectationibus
1102 2439 1218 2501 nostris

133 2554 249 2634 anplius
291 2576 353 2617 non
388 2538 593 2634 respondeat,
632 2575 694 2616 non
730 2560 836 2632 potest
867 2553 1021 2636 dubitari,
1062 2553 1218 2619 Vullersii

130 2666 366 2737 chrestomathia
387 2671 466 2736 nihil
488 2666 575 2736 aliud
597 2675 694 2757 agit,
710 2675 771 2735 nisi
792 2682 829 2736 ut
850 2694 894 2735 ex
915 2671 997 2736 libro
1021 2671 1219 2738 Schahname

130 2799 322 2871 excerperet,
339 2791 620 2872 Roseniixrlenique
638 2790 767 2854 libellus
785 2789 874 2854 locos
888 2790 1048 2855 faciliores
1062 2792 1220 2856 tironibus

130 2908 295 2974 destinatos
318 2912 469 2974 continet.
514 2907 605 2984 Quae
624 2931 719 2990 quom
741 2912 787 2973 ita
809 2919 926 2989 essent,
940 2909 1000 2972 hoc
1018 2912 1051 2974 in
1066 2931 1123 2974 nos
1137 2913 1219 2972 rcci-

34 3023 36 3088 ἶ
129 3030 268 3104 piendum
294 3029 462 3108 duximus,
487 3038 523 3091 ut
548 3031 582 3090 in
608 3048 692 3090 nova
718 3025 824 3107 aliqua
846 3026 1093 3090 chrestomathia
1114 3026 1220 3089 clabo-

34 3213 35 3236 ,
129 3167 273 3210 caremus.
318 3144 412 3221 Quod
433 3167 495 3226 quo
518 3165 665 3208 successu
686 3144 925 3224 perfecerimus,
947 3163 1119 3224 aequorum
1137 3165 1221 3206 com·

128 3267 276 3328 mittimus
311 3265 450 3327 iudicum
485 3265 679 3341 sententiae,
711 3263 743 3324 id
776 3269 901 3325 tantum
930 3284 1013 3325 nunc
1043 3262 1221 3326 faciendum
1299 3277 1300 3282 ’

130 3383 265 3465 videtur,
286 3392 322 3446 ut
343 3384 452 3462 paucis
474 3369 687 3462 exponamus,
708 3403 789 3462 quae
810 3384 842 3444 in
865 3402 935 3444 eam
957 3383 1179 3460 receperimus.

207 3501 256 3564 Ac
285 3503 435 3581 primum,
470 3521 549 3581 quos
584 3499 787 3562 exhibuimus
821 3522 838 3561 e
872 3479 969 3562 Jamii
1001 3497 1222 3580 Beharistano,

130 3613 212 3680 locos
232 3618 319 3683 lectu
339 3617 526 3698 facillimos,
544 3618 584 3681 ab
605 3616 670 3680 illis
688 3620 742 3698 qui
759 3616 880 3680 Persici
897 3621 1051 3682 sermonis
1069 3639 1131 3680 non
1150 3627 1223 3681 sunt

132 3735 244 3818 ignari,
274 3736 430 3821 glossario
462 3735 605 3820 adhibito
634 3735 729 3799 facile
757 3734 991 3818 intelligentur,
1018 3757 1119 3817 neque
1146 3757 1222 3799 vero

133 3861 191 3935 est,
214 3877 269 3919 cur
289 3856 328 3918 de
351 3875 461 3918 eorum
482 3863 613 3920 auctore
634 3857 719 3919 inter
740 3875 848 3918 omnes
868 3857 1032 3940 notissimo
1054 3855 1223 3935 quidquam
1304 3843 1306 3850 ¹

134 3968 179 4035 bic
209 3976 364 4037 adiiciam.
410 3971 580 4037 Codicibus
611 3981 717 4038 autem
738 3953 847 4038 ¹tribus
875 3994 944 4034 sum
973 3993 1063 4036 usus:
1103 3973 1224 4035 duobus

137 4084 361 4172 Lipsiensibus,
389 4113 522 4172 quorum
551 4091 633 4155 alter
659 4094 692 4154 in
718 4092 903 4171 Senatorio,
935 4089 1018 4153 alter
1043 4094 1076 4153 in
1101 4090 1224 4154 Acade·

134 4210 212 4271 mica
241 4225 420 4296 asservatur
446 4209 654 4289 bibliotheca,
682 4213 778 4274 tertio
807 4208 981 4272 Dresdensi
1012 4207 1224 4273 bibliothecae
