2906 5056
669 490 717 531 vu

6 713 7 750 i
125 716 237 778 naret,
262 728 327 786 quo
356 707 442 770 facto
465 705 592 785 elephas
613 706 708 770 lunae
730 709 893 785 imperinm
915 711 1068 790 agnoscit.
1111 709 1163 773 Ad
1185 731 1240 772 eos

127 848 205 888 vero
234 823 346 904 locos,
379 847 458 905 quos
485 847 502 887 e
530 824 668 893 Firdosii
700 824 897 889 Schbhmime
925 824 1079 908 desumsi,
1115 829 1240 890 codices

131 967 226 1026 qumn
249 942 407 1006 adhibere
434 964 498 1006 non
526 946 716 1024 potuissem,
737 953 817 1024 tres,
839 965 917 1025 quas
938 943 1104 1027 hebemus,
1127 945 1240 1009 editio·

130 1086 186 1127 nes
214 1063 388 1142 usurpavi,
414 1062 491 1123 duas
514 1059 751 1143 Culcuttenses,
781 1084 876 1125 unam
898 1061 1125 1145 Parisiensem,
1147 1085 1241 1145 quam

133 1205 151 1244 a
179 1181 226 1245 V.
256 1179 301 1243 D.
337 1177 461 1242 Mohlio
493 1181 627 1261 editam,
658 1183 706 1244 uti
727 1202 783 1259 par
811 1189 895 1263 eret,
917 1184 1092 1244 maximam
1117 1191 1240 1261 portem

133 1323 202 1362 sum
228 1305 369 1362 secutus.
412 1297 513 1361 Porro
531 1298 634 1362 adieci
655 1297 746 1378 plura
768 1320 786 1361 e
808 1299 946 1363 Nizsmii
968 1297 1239 1364 Iskender-name

136 1420 281 1482 desumta
307 1439 373 1479 una
400 1438 470 1479 cum
500 1420 743 1499 commentario,
766 1439 859 1498 quem
881 1422 1023 1483 continet
1043 1420 1142 1482 editio
1165 1417 1239 1482 cal-

139 1539 298 1600 cuttensis.
344 1531 499 1608 Quamvis
526 1543 632 1598 autem
655 1536 694 1598 ad
716 1558 827 1598 manus
848 1536 962 1618 fuerit,
984 1540 1038 1617 qui
1055 1541 1161 1600 omnia
1182 1536 1240 1602 Ni-

147 1657 232 1716 mmii
260 1675 359 1732 opera
393 1655 552 1743 continet,
584 1652 688 1715 codex
714 1651 920 1734 Dresdensis,
951 1654 989 1738 (F
991 1653 1100 1717 leisch.
1135 1654 1238 1718 Catal.

148 1771 206 1835 Νο,
234 1773 269 1854 1.)
300 1774 392 1851 isque
415 1769 500 1832 haud
522 1773 630 1848 paucis
656 1773 688 1832 in
709 1768 789 1834 locis
816 1771 856 1833 ab
879 1771 1019 1835 editione
1042 1769 1239 1836 Calcuttensi

137 1890 292 1970 discedat,
324 1888 425 1953 multa
455 1897 562 1952 tamen
596 1897 719 1952 mutare
754 1888 915 1970 dubitavi,
945 1912 1040 1971 quum
1072 1888 1239 1971 Commen-

135 2012 233 2072 tarius
255 2030 382 2088 semper
401 2005 615 2072 Calcuttensis
638 2007 786 2070 editionis
808 2011 981 2087 scripturas
999 2010 1129 2090 afferet,
1147 2033 1240 2091 quem

135 2131 283 2191 omittere
316 2124 415 2188 nolui.
456 2125 683 2206 Praeterquam
710 2134 793 2188 enim
819 2127 902 2207 quod
924 2127 964 2189 ad
981 2127 1121 2191 Nizsmii
1142 2129 1240 2191 verba

132 2246 247 2308 melius
283 2243 488 2328 intelligenda
524 2244 665 2306 subsidia
700 2243 850 2322 praebeat
885 2248 1013 2340 minime
1052 2216 1239 2326 spernenda,

132 2363 329 2446 intelligitur
368 2365 464 2426 etiam
491 2383 535 2424 ex
561 2384 601 2423 eo
629 2362 795 2438 scribendi¹
807 2384 924 2444 genus,
952 2384 1014 2442 quo
1039 2368 1240 2447 grammatici

134 2486 179 2546 uti
222 2463 344 2560 solent,
380 2503 417 2543 ac
443 2482 544 2560 ratio,
585 2478 756 2541 secundum
786 2501 880 2558 quam
910 2479 1070 2542 Persicam
1100 2489 1240 2545 tractant

62 2669 65 2674 ,
133 2600 385 2684 grammaticam.

219 2716 249 2780 A
278 2714 442 2798 chsqsnio
469 2704 577 2779 autem
603 2726 698 2795 poeta
725 2739 805 2798 quae
833 2717 976 2780 desumto
1002 2719 1034 2779 in
1062 2717 1144 2782 hunc
1166 2741 1239 2780 nos-

142 2843 221 2897 trum
246 2835 364 2897 librum
385 2837 578 2914 recepimus,
599 2857 694 2914 quum
717 2835 853 2928 nondum
876 2857 946 2897 oum
965 2838 1096 2899 orientis
1118 2846 1239 2900 amato-

136 2954 222 3017 ribus
236 2977 255 3016 a
270 2975 427 3033 quoquam
441 2955 505 3036 siut
518 2955 759 3034 communicata,
768 2951 874 3030 paullo
884 2953 1182 3032 fusiusexplicanda
1193 2958 1239 3017 vi-

136 3073 260 3134 dentur.
306 3068 460 3145 Quamvis
482 3080 589 3133 autem
610 3069 710 3133 multa
731 3069 809 3131 mihi
830 3070 870 3131 ad
887 3091 998 3132 manus
1016 3074 1080 3134 sint
1101 3093 1181 3150 quae
1199 3072 1238 3134 de

135 3190 228 3253 buius
242 3197 357 3268 poetae
372 3188 519 3266 operibus
534 3188 672 3250 dixerim
684 3186 839 3248 —debeo
854 3201 960 3247 autem
978 3189 1083 3249 omnia
1095 3187 1238 3252 Riicker-

135 3312 158 3372 ti
185 3308 229 3372 V.
259 3306 309 3369 Cl.
340 3305 490 3390 Magistri
516 3327 636 3367 summe
659 3306 828 3367 reverendi
855 3303 1097 3369 benevolentiae
1123 3307 1237 3390 -bic

135 3436 242 3489 tamen
279 3424 367 3505 sola,
403 3425 515 3505 quibus
542 3445 637 3507 aegre
669 3445 795 3504 careas,
828 3424 1015 3486 adscribam.
1058 3424 1239 3490 Riickertus

136 3543 234 3607 multa
257 3545 420 3621 excerpsit
438 3563 455 3603 e
474 3544 582 3605 codice
604 3542 860 3621 vindebonensi,
881 3545 992 3622 unico,
1011 3545 1094 3623 quod
1112 3545 1237 3625 quidem

139 3663 170 3722 in
196 3662 365 3726 Germania
391 3661 545 3739 innotuit,
571 3659 664 3722 huius
685 3669 799 3738 poetae
820 3663 1044 3738 manuscripto.
1088 3661 1187 3725 Liber
1204 3667 1238 3725 in

138 3777 257 3844 'l'urcia
284 3803 304 3841 a
329 3775 477 3841 Mesudio
504 3778 654 3858 quodam,
681 3781 735 3858 qui
761 3780 794 3840 in
821 3781 972 3861 marginis
994 3787 1070 3841 nota
1092 3778 1151 3843 hoc
1170 3784 1236 3859 ipse

134 3908 288 3978 testatur,
315 3900 450 3975 scriptus
476 3897 549 3957 inde
578 3896 800 3959 Vindobonam
824 3898 982 3958 advectus¹
1001 3898 1123 3960 mendis
1145 3901 1236 3960 innu-

134 4019 232 4078 meris
258 4015 399 4094 laborut,
426 4015 509 4093 quod
535 4035 628 4076 nemo
654 4014 822 4077 mirabitur
851 4017 883 4075 in
911 4013 994 4077 libro
1017 4012 1069 4075 vel
1093 4012 1236 4078 Orientis

133 4132 259 4222 pppulis
281 4133 321 4194 ad
341 4131 509 4214 legendum
527 4129 726 4194 difficillimo.
771 4129 862 4206 Quae
884 4133 917 4192 in
938 4133 1079 4214 margine
1098 4134 1235 4209 adscrip-

133 4261 189 4312 tae
210 4258 284 4312 sunt
306 4253 414 4312 variae
435 4249 600 4328 lectiones,
623 4270 696 4310 raro
714 4237 839 4311 tantum
856 4250 962 4312 textui
981 4248 1128 4312 videntur
1145 4266 1234 4324 prae-
